% Encoding: UTF-8


@Manual{latex:bibliografia,
  Title                    = {L'arte di gestire la bibliografia con \LaTeX},
  Author                   = {Lorenzo Pantieri},
  Year                     = {2009},
  URL                      = {http://www.lorenzopantieri.net/LaTeX_files/Bibliografia.pdf}
}

@Manual{pantieri:arte,
  Title                    = {L'arte di scrivere con \LaTeX},
  Author                   = {Pantieri, Lorenzo and Gordini, Tommaso},
  Year                     = {2011},
  URL                      = {http://www.lorenzopantieri.net/LaTeX_files/ArteLaTeX.pdf}
}

@Book{python:programmingpython,
  Title                    = {Programming Python},
  Author                   = {Mark Lutz},
  Editor                   = {O'Reilly},
  Publisher                = {O'Reilly},
  Year                     = {2011}
}

@Online{site:cc3,
  title   = {Creative Commons - Attribution-ShareAlike 3.0 Unported - CC BY-SA 3.0},
  url     = {http://creativecommons.org/licenses/by-sa/3.0/},
  comment = {Licenza Creative Commons tipo 3},
}

@Online{site:qgis,
  title   = {Pagina del progetto di QGis},
  url     = {http://www.qgis.org/it/},
  comment = {QGis sito ufficiale},
}

@MastersThesis{tesi:ambientale,
  Title                    = {Metodi e strumenti per la costruzione di territori virtuali per l'applicazione di modelli e di scenari ambientali},
  Author                   = {Michele Zen},
  School                   = {Universit√† Ca Foscari Venezia},
  Year                     = {2013/2014}
}

@Article{article:models,
  author       = {Claudio Bosco, Stefano Olivieri},
  title        = {Climate Change, Impacts and Adaptation Strategies in the Alpine Space},
  journaltitle = {Strategic INTERREG III B Project CLIMCHALP},
  year         = {2008},
  date         = {2008-01-29},
}

@Online{site:qgisapi,
  author = {QGis Community},
  title  = {QGis Api for Developer},
  url    = {http://qgis.org/api/},
}

@Manual{manuale:idrisi,
  author = {Clark Labs},
  title  = {Manuali utente di IDRISI GIS Analysis},
}

@Comment{jabref-meta: databaseType:biblatex;}
